@inproceedings{CurtmolaGKO06,
  author    = {Reza Curtmola and
               Juan A. Garay and
               Seny Kamara and
               Rafail Ostrovsky},
  title     = {Searchable symmetric encryption: improved definitions and efficient
               constructions},
  booktitle = {Proc. of ACM CCS},
  year      = {2006}
}
@inproceedings{castro1999practical,
  title={Practical Byzantine fault tolerance},
  author={Castro, Miguel and Liskov, Barbara and others},
  booktitle={OSDI},
  volume={99},
  pages={173--186},
  year={1999}
}