@inproceedings{lu2018zebralancer,
  title={Zebralancer: Private and anonymous crowdsourcing system atop open blockchain},
  author={Lu, Yuan and Tang, Qiang and Wang, Guiling},
  booktitle={2018 IEEE 38th International Conference on Distributed Computing Systems (ICDCS)},
  pages={853--865},
  year={2018},
  organization={IEEE}
}

@inproceedings{tramer2017sealed,
  title={Sealed-glass proofs: Using transparent enclaves to prove and sell knowledge},
  author={Tramer, Florian and Zhang, Fan and Lin, Huang and Hubaux, Jean-Pierre and Juels, Ari and Shi, Elaine},
  booktitle={2017 IEEE European Symposium on Security and Privacy (EuroS\&P)},
  pages={19--34},
  year={2017},
  organization={IEEE}
}

@incollection{ben2013snarks,
  title={SNARKs for C: Verifying program executions succinctly and in zero knowledge},
  author={Ben-Sasson, Eli and Chiesa, Alessandro and Genkin, Daniel and Tromer, Eran and Virza, Madars},
  booktitle={Advances in Cryptology--CRYPTO 2013},
  pages={90--108},
  year={2013},
  publisher={Springer}
}

@inproceedings{huang2011faster,
  title={Faster secure two-party computation using garbled circuits.},
  author={Huang, Yan and Evans, David and Katz, Jonathan and Malka, Lior},
  booktitle={USENIX Security Symposium},
  volume={201},
  number={1},
  pages={331--335},
  year={2011}
}