@misc{Tod,
  author= {Peter Todd},
  title = {Making UTXO Set Growth Irrelevant With Low- Latency Delayed TXO Commitments},
  howpublished = {\url{https://petertodd.org/2016/delayed-txo-commitments}},
  note = {Accessed: 2019-04-15}
}

@misc{MMR,
  author= {Peter Todd and OpenTimestamps},
  title = {Merkle Mountain Tree},
  howpublished = {\url{https://github.com/opentimestamps/opentimestamps-server/blob/master/doc/merkle-mountain-range.md}},
  note = {Accessed: 2019-04-15}
}

@inproceedings{reyzin2016efficient,
  title={Efficient asynchronous accumulators for distributed PKI},
  author={Reyzin, Leonid and Yakoubov, Sophia},
  booktitle={International Conference on Security and Cryptography for Networks},
  pages={292--309},
  year={2016},
  organization={Springer}
}

@article{wood2014ethereum,
  title={Ethereum: A secure decentralised generalised transaction ledger},
  author={Wood, Gavin and others}
}

@inproceedings{leung2019vault,
  title={Vault: Fast Bootstrapping for the Algorand Cryptocurrency},
  author={Leung, Derek and Suhl, Adam and Gilad, Yossi and Zeldovich, Nickolai},
  year={2019},
  organization={NDSS}
}

@techreport{chepurnoy2018edrax,
  title={EDRAX: A Cryptocurrency with Stateless Transaction Validation},
  author={Chepurnoy, Alexander and Papamanthou, Charalampos and Zhang, Yupeng},
  year={2018},
  institution={Cryptology ePrint Archive, Report 2018/968}
}