@inproceedings{SongWP00,
  author    = {Dawn Xiaodong Song and
               David A. Wagner and
               Adrian Perrig},
  title     = {Practical Techniques for Searches on Encrypted Data},
  booktitle = {Proc. of IEEE Symposium on Security and Privacy},
  year      = {2000}
}

@misc{Ethereumstorage,
  title = {Ethereum Storage Requirement},
  howpublished = {\url{https://etherscan.io/chart2/chaindatasizefast}},
  note = {Accessed: 2019-04-04}
}

@misc{delayed-txo-commitments,
  title = {Delayed-txo-commitments},
  howpublished = {\url{https://petertodd.org/2016/delayed-txo-commitments}},
  note = {Accessed: 2019-04-04}
}

@article{nakamoto2008bitcoin,
  title={Bitcoin: A peer-to-peer electronic cash system},
  author={Nakamoto, Satoshi and others},
  year={2008},
  publisher={Working Paper}
}

@misc{Tod,
  author= {Peter Todd},
  title = {Making UTXO Set Growth Irrelevant With Low- Latency Delayed TXO Commitments},
  howpublished = {\url{https://petertodd.org/2016/delayed-txo-commitments}},
  note = {Accessed: 2019-04-15}
}

@misc{MMR,
  author= {Peter Todd and OpenTimestamps},
  title = {Merkle Mountain Tree},
  howpublished = {\url{https://github.com/opentimestamps/opentimestamps-server/blob/master/doc/merkle-mountain-range.md}},
  note = {Accessed: 2019-04-15}
}

@techreport{luuflyclient,
  title={Flyclient super light client for cryptocurrencies},
  author={Luu, L and Buenz, B and Zamani, M},
  institution={accessed 2018-04-17.[Online]. Available: https://stanford2017~â€¦}
}

@inproceedings{reyzin2016efficient,
  title={Efficient asynchronous accumulators for distributed PKI},
  author={Reyzin, Leonid and Yakoubov, Sophia},
  booktitle={International Conference on Security and Cryptography for Networks},
  pages={292--309},
  year={2016},
  organization={Springer}
}