@inproceedings{lu2018zebralancer,
  title={Zebralancer: Private and anonymous crowdsourcing system atop open blockchain},
  author={Lu, Yuan and Tang, Qiang and Wang, Guiling},
  booktitle={2018 IEEE 38th International Conference on Distributed Computing Systems (ICDCS)},
  pages={853--865},
  year={2018},
  organization={IEEE}
}

@inproceedings{castro1999practical,
  title={Practical Byzantine fault tolerance},
  author={Castro, Miguel and Liskov, Barbara and others},
  booktitle={OSDI},
  volume={99},
  pages={173--186},
  year={1999}
}