@inproceedings{CurtmolaGKO06,
  author    = {Reza Curtmola and
               Juan A. Garay and
               Seny Kamara and
               Rafail Ostrovsky},
  title     = {Searchable symmetric encryption: improved definitions and efficient
               constructions},
  booktitle = {Proc. of ACM CCS},
  year      = {2006}
}
@inproceedings{SongWP00,
  author    = {Dawn Xiaodong Song and
               David A. Wagner and
               Adrian Perrig},
  title     = {Practical Techniques for Searches on Encrypted Data},
  booktitle = {Proc. of IEEE Symposium on Security and Privacy},
  year      = {2000}
}